% Encoding: UTF-8

@Book{Aristoteles1994,
    Title       = {Metaf{\'i}sica},
    Author      = {Arist{\'o}teles},
    Translator  = {Calvo Martínes, Tom{\'a}s},
    Publisher   = {Gredos},
    Year        = {1994},
    Address     = {Madria},
    ISBN        = {84-249-1666-2},
    Series      = {Biblioteca Clásica Gredos: 200},
}

@InCollection{Bulygin1991,
    Title       = {Tiempo y Derecho},
    Author      = {Bulygin, E.},
    Publisher   = {Centro de Estudios Constitucionales},
    Year        = {1991},
    Editor      = {Alchourron, C. & Bulygin, E.},
    Booktitle   = {An{\'a}lisis l{\'o}gico y Derecho},
    Address     = {Madrid},
    Pages       = {193--214},
}

@Article{Canamares2005,
    Title       = {Realismo, esencialismo y extensionalismo},
    Author      = {Ca{\~n}amares, Ignacio {\'A}vila},
    Publisher   = {Univ. Nacional de Colombia}
    Year        = {2005},
    Journal     = {Relativismo y racionalidad},
    Pages       = {67--95},
}

@Incollection{Endicott2011,
    Title       = {The Value of Vagueness},
    Author      = {Endicott, Timothy A. O.},
    Editor      = {V.K. Bhatia, J. Engberg, M. Gotti & D. Heller},
    Publisher   = {Peter Lang Publishing},
    Year        = {2008},
    Address     = {Berna},
    Booktitle   = {Vagueness in Normative Texts},
    Pages       = {27--48},

}

@InCollection{Endicott2016,
    Title        =  {Law and Language},
    Author       =  {Endicott, Timothy},
    Editor       =  {Edward N. Zalta},
    Publisher    =  {Metaphysics Research Lab, Stanford University}
    Year         =  {2016},
    Edition      =  {Summer 2016},
    Booktitle    =  {The Stanford Encyclopedia of Philosophy},
    Howpublished =  {\url{https://plato.stanford.edu/archives/sum2016/entries/law-language/}},
}

@InCollection{GeertPoscher2016,
    Title       = {Vagueness and Law. Philosophical and Legal Perspectives},
    Author      = {Keil Geert and Ralf Poscher},
    Editor      = {Geert Keil and Ralf Poscher}
    Publisher   = {Oxford: Oxford university Press},
    Year        = {2016},
    Booktitle   = {Vagueness and Law. Philosophical and Legal Perspectives},
    Pages       = {1--20},
    Address     = {Estados Unidos},
}

@InCollection{HydeRaffman2014,
    Title        =  {Sorites Paradox},
    Author       =  {Hyde, Dominic and Raffman, Diana},
    Editor       =  {Edward N. Zalta},
    Publisher    =  {Metaphysics Research Lab, Stanford University}
    Year         =  {2014},
    Edition      =  {Winter 2014},
    Booktitle    =  {The Stanford Encyclopedia of Philosophy},
    Howpublished =  {\url{https://plato.stanford.edu/archives/sum2018/entries/sorites-paradox/}},
}

@Book{Kelsen1995,
    Title       = {Teor{\'i}a general del derecho y del Estado},
    Author      = {Kelsen, Hans},
    Publisher   = {UNAM},
    Year        = {1995},
    Edition     = {2da},
    Address     = {M{\'e}xico, D.F.},
}

@Book{Kelsen2005,
    Title       = {Teor{\'i}a Pura Del Derecho},
    Author      = {Kelsen, Hans},
    Publisher   = {Porr{\'u}a},
    Year        = {2005},
    Edition     = {14a},
    Address     = {M{\'e}xico, D.F.},
}

@Book{MelinPactet2011,
    Title       = {Derecho Constitucional},
    Author      = {Melin-Soucramanien, F. & Pactet, P.},
    Publisher   = {Legis},
    Year        = {2011},
    Address     = {Bogot{\'a}},
}

@Article{Nino1985,
    Title        = {Puede un sistema jur{\'\i}dico generar su propia validez},
    Author       = {Nino, Carlos S},
    Publisher    = {Astrea},
    Year         = {1985},
    Journal      = {La validez del Derecho},
    Address      = {Argentina},
    Pages        = {69--88},
    Howpublished = {\url{https://www.astreavirtual.com.ar/panel.php?b=0428000}},
}

@InCollection{Putnam2005,
    Title       = {Significado y referencia},
    Author      = {Hilary Putnam},
    Publisher   = {Editorial Tecnos},
    Year        = {2005},
    Booktitle   = {La búsqueda del significado},
    Pages       = {152--164},
}

@Book{Quine1960,
    Title       = {Palabra y Objeto},
    Author      = {Quine, W. V.},
    Publisher   = {Editorial Labor},
    Year        = {1968},
    Address     = {Barcelona},
}

@InCollection{Quine1985,
    Title       = {Acerca de lo que hay},
    Author      = {Quine, W. V.}
    Booktitle   = {Orbis},
    Year        = {1985},
    Pages       = {25--47},
}

@Article{Ross1991,
    Title         = {Sobre la auto-referencia y un dificil problema de derecho constitucional},
    Author        = {Ross, Alf},
    Publisher     = {Distribuciones Fontamara},
    Year          = {1991},
    Journal       = {El concepto de validez y otros ensayos},
    Address       = {M{\'e}xico, D.F.},
    Pages         = {43--72}
}

@Article{Russell1923,
    Title       = {Vagueness},
    Author      = {Russell, Bertrand}
    Publisher   = {Taylor & Francis},
    Year        = {1923},
    Number      = {2},
    Volume      = {1},
    Journal     = {Australasian Journal of Philosophy},
    Pages       = {84--92},
}

@InCollection{Sorensen2016,
    Title        =  {Vagueness},
    Author       =  {Sorensen, Roy},
    Editor       =  {Edward N. Zalta},
    Publisher    =  {Metaphysics Research Lab, Stanford University}
    Year         =  {2016},
    Booktitle    =  {The Stanford Encyclopedia of Philosophy},
    Edition      =  {Winter 2016},
    Howpublished =  {\url{https://plato.stanford.edu/archives/win2016/entries/vagueness/}},
}

@Book{Suber1990,
    Title       = {The Paradox of Self-Amendment: a study of law, logic, omnipotence, and change},
    Author      = {Suber, Peter},
    Publisher   = {Peter Lang International Academic Publishers},
    Year        = {1990},
}

@Comment{jabref-meta: databaseType:bibtex;}
